<record><leader>02185cam a2200361 i 45 0</leader><controlfield tag="001">6774381</controlfield><controlfield tag="005">20150105145702.0</controlfield><controlfield tag="008">141108s2015    nyua          001 0 eng  </controlfield><datafield ind1=" " ind2=" " tag="010"><subfield code="a">  2014043125</subfield></datafield><datafield ind1=" " ind2=" " tag="020"><subfield code="a">9781250057280 (trade pbk.)</subfield></datafield><datafield ind1=" " ind2=" " tag="020"><subfield code="z">9781466861022 (e-book)</subfield></datafield><datafield ind1=" " ind2=" " tag="035"><subfield code="a">ocn895030540</subfield></datafield><datafield ind1=" " ind2=" " tag="040"><subfield code="a">DLC</subfield><subfield code="b">eng</subfield><subfield code="e">rda</subfield><subfield code="c">DLC</subfield><subfield code="d">DLC</subfield><subfield code="d">AOAC</subfield></datafield><datafield ind1=" " ind2=" " tag="042"><subfield code="a">pcc</subfield></datafield><datafield ind1="0" ind2="0" tag="050"><subfield code="a">SB349</subfield><subfield code="b">.D29 2015</subfield></datafield><datafield ind1="0" ind2="0" tag="082"><subfield code="a">635/.642</subfield><subfield code="2">23</subfield></datafield><datafield ind1=" " ind2=" " tag="090"><subfield code="a">SB 349 D29 2015</subfield><subfield code="b">AOAC</subfield></datafield><datafield ind1="1" ind2=" " tag="100"><subfield code="a">Daigre, Scott.</subfield></datafield><datafield ind1="1" ind2="0" tag="245"><subfield code="a">Tomatomania! :</subfield><subfield code="b">a fresh approach to celebrating tomatoes in the garden and in the kitchen /</subfield><subfield code="c">Scott Daigre &amp; Jenn Garbee ; photographs by Staci Valentine.</subfield></datafield><datafield ind1=" " ind2=" " tag="250"><subfield code="a">First edition.</subfield></datafield><datafield ind1=" " ind2="1" tag="264"><subfield code="a">New York :</subfield><subfield code="b">St. Martin's Griffin,</subfield><subfield code="c">2015.</subfield></datafield><datafield ind1=" " ind2=" " tag="300"><subfield code="a">xiii, 210 pages :</subfield><subfield code="b">color illustrations ;</subfield><subfield code="c">23 cm</subfield></datafield><datafield ind1=" " ind2=" " tag="336"><subfield code="a">text</subfield><subfield code="2">rdacontent</subfield></datafield><datafield ind1=" " ind2=" " tag="336"><subfield code="a">still image</subfield><subfield code="2">rdacontent</subfield></datafield><datafield ind1=" " ind2=" " tag="337"><subfield code="a">unmediated</subfield><subfield code="2">rdamedia</subfield></datafield><datafield ind1=" " ind2=" " tag="338"><subfield code="a">volume</subfield><subfield code="2">rdacarrier</subfield></datafield><datafield ind1=" " ind2=" " tag="504"><subfield code="a">Includes index.</subfield></datafield><datafield ind1=" " ind2=" " tag="520"><subfield code="a">Every spring, thousands of self-described "&#8217;maniacs" gather for a series of multi-day garden events for the largest tomato seedling sale in the nation: Tomatomania! CEOs and soccer moms, grandmothers and hipsters, hardcore gardeners and eager first-timers&#8212;folks from every walk of life unite to celebrate this energetic rite of spring and their shared love of tomatoes. In this practical and fun guide, Tomatomania! owner Scott Daigre provides a peek into his Ojai, California, tomato patch and details a "reality gardening" approach to growing the world&#8217;s favorite summer treat. Tomatomania! walks readers through every step of the tomato gardening process, from the earliest planning stages to those final satisfying kitchen table moments of the season. Including 20 simple yet unique recipes and numerous kitchen tips to get the most out of your tomato harvest, this comprehensive guide to growing and cooking with tomatoes will turn you, too, into a proud &#8217;maniac!</subfield></datafield><datafield ind1=" " ind2=" " tag="596"><subfield code="a">33</subfield></datafield><datafield ind1=" " ind2="0" tag="650"><subfield code="a">Tomatoes.</subfield></datafield><datafield ind1=" " ind2="0" tag="650"><subfield code="a">Cooking (Tomatoes)</subfield></datafield><datafield ind1="1" ind2=" " tag="700"><subfield code="a">Garbee, Jenn.</subfield></datafield><datafield ind1=" " ind2=" " tag="926"><subfield code="a">SB 349 D29 2015</subfield><subfield code="w">LC</subfield><subfield code="c">1</subfield><subfield code="i">0164000772339</subfield><subfield code="d">3/30/2015</subfield><subfield code="e">3/17/2015</subfield><subfield code="l">ON_SHELF</subfield><subfield code="m">OLDS</subfield><subfield code="n">2</subfield><subfield code="r">Y</subfield><subfield code="s">Y</subfield><subfield code="t">BOOK</subfield><subfield code="u">1/12/2015</subfield></datafield></record>